<?xml version="1.0" encoding="UTF-8"?><record xmlns="http://www.loc.gov/MARC21/slim" xmlns:cinclude="http://apache.org/cocoon/include/1.0" xmlns:zs="http://www.loc.gov/zing/srw/">
  <leader>00392nz  a2200121n  4500</leader>
  <controlfield tag="001">n  86839454 </controlfield>
  <controlfield tag="003">DLC</controlfield>
  <controlfield tag="005">19860711131257.3</controlfield>
  <controlfield tag="008">860711n| acannaab|          |n aad |||  </controlfield>
  <datafield tag="010" ind1=" " ind2=" ">
    <subfield code="a">n  86839454 </subfield>
  </datafield>
  <datafield tag="040" ind1=" " ind2=" ">
    <subfield code="a">DLC</subfield>
    <subfield code="c">DLC</subfield>
  </datafield>
  <datafield tag="100" ind1="1" ind2="0">
    <subfield code="a">Pearson, William D.</subfield>
  </datafield>
  <datafield tag="670" ind1=" " ind2=" ">
    <subfield code="a">nuc86-64376: His Distribution and status of Ohio River fishes, 1984</subfield>
    <subfield code="b">(hdg. on OCU rept.: Pearson, William D.; usage: William D. Pearson)</subfield>
  </datafield>
</record>